@article{luecken2019current,
  title={Current best practices in single-cell RNA-seq analysis: a tutorial},
  author={Luecken, Malte D and Theis, Fabian J},
  journal={Molecular systems biology},
  volume={15},
  number={6},
  year={2019},
  publisher={John Wiley \& Sons, Ltd}
}