@book{laski2009software,
  title={{Software Verification and Analysis}},
  author={Laski, J. and Stanley, W.},
  isbn={9781848822405},
  url={http://books.google.rs/books?id=5hFnaDQ1jiAC},
  year={2009},
  publisher={Springer-Verlag},
  address = {London}
}

@misc{gcc,
title = {{GNU gcc}},
note = {on-line at: \url{http://gcc.gnu.org/}},
    author = {Free Software Foundation},
    year = {2013}
}

@article{haltingproblem,
    author = {Turing, A. M.},
    citeulike-article-id = {155758},
    journal = {Proceedings of the London Mathematical Society},
    keywords = {computability, entscheidungsproblem, turing},
    number = {42},
    pages = {230--265},
    posted-at = {2005-04-08 18:11:59},
    priority = {0},
    title = {{On Computable Numbers, with an application to the Entscheidungsproblem}},
    volume = {2},
    year = {1936}
}

@misc{graph_coloring,
  title = {{Graph coloring}},
  howpublished = {\url{https://en.wikipedia.org/wiki/Graph_coloring}}
}

@book{zivkovic_algoritmi,
  title={{Algoritmi}},
  author={Živkovic M.},
  url={http://poincare.matf.bg.ac.rs/~ezivkovm/nastava/algoritmi.pdf},
  publisher={Matematički Fakultet},
  address = {Beograd}
}

@article{lu2010memetic,
  title={A memetic algorithm for graph coloring},
  author={L{\"u}, Zhipeng and Hao, Jin-Kao},
  journal={European Journal of Operational Research},
  volume={203},
  number={1},
  pages={241--250},
  year={2010},
  publisher={Elsevier}
}

@misc{tabu_pretraga_miskovic,
  author={Miškovic S.},
  title = {{Tabu pretraga}},
  howpublished = {\url{http://poincare.matf.bg.ac.rs/~stefan/opo/ts.pdf}}
}

@article{galinier1999hybrid,
  title={Hybrid evolutionary algorithms for graph coloring},
  author={Galinier, Philippe and Hao, Jin-Kao},
  journal={Journal of combinatorial optimization},
  volume={3},
  number={4},
  pages={379--397},
  year={1999},
  publisher={Springer}
}

@article{glover1996coloring,
  title={Coloring by tabu branch and bound},
  author={Glover, Fred and Parker, Mark and Ryan, Jennifer},
  journal={DIMACS Series in Discrete Mathematics and Theoretical Computer Science},
  volume={26},
  pages={285--307},
  year={1996},
  publisher={Amer. Math. Soc.}
}

@article{moalic2018variations,
  title={Variations on memetic algorithms for graph coloring problems},
  author={Moalic, Laurent and Gondran, Alexandre},
  journal={Journal of Heuristics},
  volume={24},
  number={1},
  pages={1--24},
  year={2018},
  publisher={Springer}
}

@book{10.5555/548182,
author = {Johnson, David J. and Trick, Michael A.},
title = {Cliques, Coloring, and Satisfiability: Second DIMACS Implementation Challenge, Workshop, October 11-13, 1993},
year = {1996},
isbn = {0821866095},
publisher = {American Mathematical Society},
address = {USA}
}

