@article{galinier1999hybrid,
  title={Hybrid evolutionary algorithms for graph coloring},
  author={Galinier, Philippe and Hao, Jin-Kao},
  journal={Journal of combinatorial optimization},
  volume={3},
  number={4},
  pages={379--397},
  year={1999},
  publisher={Springer}
}


@misc{graph_coloring,
  title = {{Graph coloring}},
  howpublished = {\url{https://en.wikipedia.org/wiki/Graph_coloring}},
  author = {Wikipedia}
}

@misc{Memetic,
  title = {{Vrste lokalne pretrage}},
  howpublished = {\url{https://www.worldcat.org/title/handbook-of-memetic-algorithms/oclc/1001250863}},
  author = {Ferrante Neri, Carlos Cotta,Pablo Moscato}
}

	
@misc{MuLambda,
author = {Dr. Hans-Georg Beyer},
title = {Mu Lambda Selection},
note = {\url{http://www.scholarpedia.org/article/Evolution_strategies}},
}	

